@article{turney2010frequency,
  title={From frequency to meaning: Vector space models of semantics},
  author={Turney, Peter D and Pantel, Patrick and others},
  journal={Journal of artificial intelligence research},
  volume={37},
  number={1},
  pages={141--188},
  year={2010}
}

@article{blei2003latent,
  title={Latent dirichlet allocation},
  author={Blei, David M and Ng, Andrew Y and Jordan, Michael I},
  journal={the Journal of machine Learning research},
  volume={3},
  pages={993--1022},
  year={2003},
  publisher={JMLR. org}
}

@inproceedings{dumais1995latent,
  title={Latent semantic indexing},
  author={Dumais, S and Furnas, G and Landauer, T and Deerwester, S and Deerwester, S and others},
  booktitle={Proceedings of the Text Retrieval Conference},
  year={1995}
}

@article{harris1954distributional,
  title={Distributional structure.},
  author={Harris, Zellig S},
  journal={Word},
  year={1954}
}

@inproceedings{french2002four,
  title={Four problems with extracting human semantics from large text corpora},
  author={French, Robert M and Labiouse, Christophe},
  booktitle={Proceedings of the 24th Annual Conference of the Cognitive Science Society},
  pages={316--322},
  year={2002}
}

@article{le2014distributed,
  title={Distributed representations of sentences and documents},
  author={Le, Quoc V and Mikolov, Tomas},
  journal={arXiv preprint arXiv:1405.4053},
  year={2014}
}

@article{turney2006similarity,
  title={Similarity of semantic relations},
  author={Turney, Peter D},
  journal={Computational Linguistics},
  volume={32},
  number={3},
  pages={379--416},
  year={2006},
  publisher={MIT Press}
}

@inproceedings{clark2007combining,
  title={Combining Symbolic and Distributional Models of Meaning.},
  author={Clark, Stephen and Pulman, Stephen},
  booktitle={AAAI Spring Symposium: Quantum Interaction},
  pages={52--55},
  year={2007}
}

@inproceedings{mitchell2008vector,
  title={Vector-based Models of Semantic Composition.},
  author={Mitchell, Jeff and Lapata, Mirella},
  booktitle={ACL},
  pages={236--244},
  year={2008}
}

@article{forman2003extensive,
  title={An extensive empirical study of feature selection metrics for text classification},
  author={Forman, George},
  journal={The Journal of machine learning research},
  volume={3},
  pages={1289--1305},
  year={2003},
  publisher={JMLR. org}
}

@article{landauer2002computational,
  title={On the computational basis of learning and cognition: Arguments from LSA},
  author={Landauer, Thomas K},
  journal={Psychology of learning and motivation},
  volume={41},
  pages={43--84},
  year={2002},
  publisher={Elsevier}
}

@article{minnen2001applied,
  title={Applied morphological processing of English},
  author={Minnen, Guido and Carroll, John and Pearce, Darren},
  journal={Natural Language Engineering},
  volume={7},
  number={03},
  pages={207--223},
  year={2001},
  publisher={Cambridge Univ Press}
}

@book{manning1999foundations,
  title={Foundations of statistical natural language processing},
  author={Manning, Christopher D and Sch{\"u}tze, Hinrich},
  year={1999},
  publisher={MIT press}
}

@article{sparck1972statistical,
  title={A statistical interpretation of term specificity and its application in retrieval},
  author={Sparck Jones, Karen},
  journal={Journal of documentation},
  volume={28},
  number={1},
  pages={11--21},
  year={1972},
  publisher={MCB UP Ltd}
}

@inproceedings{niwa1994co,
  title={Co-occurrence vectors from corpora vs. distance vectors from dictionaries},
  author={Niwa, Yoshiki and Nitta, Yoshihiko},
  booktitle={Proceedings of the 15th conference on Computational linguistics-Volume 1},
  pages={304--309},
  year={1994},
  organization={Association for Computational Linguistics}
}

@misc{salton1971smart,
  title={The SMART Retrieval Systemâ€”Experiments in Automatic Document Retrieval},
  author={Salton, Gerard and McGill, M},
  year={1971},
  publisher={Prentice Hall Inc., Englewood Cliffs, NJ}
}

@article{deerwester1990indexing,
  title={Indexing by latent semantic analysis},
  author={Deerwester, Scott C. and Dumais, Susan T and Landauer, Thomas K. and Furnas, George W. and Harshman, Richard A.},
  journal={JAsIs},
  volume={41},
  number={6},
  pages={391--407},
  year={1990}
}